@misc{opencv_17,
  author = {Open{CV}},
  howpublished = {Strona internetowa: \texttt{http://opencv.org/} (ostatni dostęp 01.06.2017)},
  year = {2017}
}

@misc{change_detection_web,
  author = {ChangeDetection},
  howpublished = {Strona internetowa: \texttt{http://www.changedetection.net/} (ostatni dostęp 01.06.2017)},
  year = {2017}
}

@misc{modeline_db_web,
  author = {ModelineDatabase},
  howpublished = {Strona internetowa: \texttt{https://www.mythtv.org/} (ostatni dostęp 01.06.2017)},
  year = {2017}
}

@article{changedetection_15,
  author = {N. Goyette and P. Jodoin and F. Porikli and J. Konrad and P. Ishwar},
  title = {Changedetection.net: A new change detection benchmark dataset},
  journaltitle = {Computer Vision and Pattern Recognition Workshops (CVPRW), 2012 IEEE Computer Society Conference on}, 
  year = {2012},  
  pages = {1--8},  
}

@article{barnich_11,
author = {O. Barnich and M. Van Droogenbroeck},
title = {ViBe: A universal background subtraction algorithm for video sequences},
journal = {Image Processing, IEEE Transactions on},
year = {2011},
pages = {9--14},
number = {6},
volume = {20},
}

@article{droogenbroeck_12,
author = {M. V. Droogenbroeck and O. Paquot},
title = {Background subtraction: Experiments and improvements for ViBe},
journal = {Computer Vision and Pattern Recognition Workshops (CVPRW), 2012 IEEE Computer Society Conference on},
year = {2012},
pages = {32--37}
}

@article{kryjak_13_vibe,
author = {T. Kryjak and M. Komorkiewicz and M. Gorgoń},
title = {Real-time implementation of the ViBe foreground object segmentation algorithm},
journal = {Computer Science and Information Systems},
year = {2013},
pages = {591--596}
}

@article{kryjak_14_vibe,
author = {T. Kryjak and M. Komorkiewicz and M. Gorgoń},
title = {Real-time Implementation of Foreground Object Detection From a Moving Camera Using the ViBE Algorithm},
journal = {Computer Science and Information Systems},
year = {2014},
pages = {1617--1637}, 
number = {4},
volume = {11},
}


@article{hofmann_12,
author = {M. Hofmann},
title = {Background segmentation with feedback: The pixelbased adaptive segmenter},
journal = {Computer Vision and Pattern Recognition Workshops (CVPRW), 2012 IEEE Computer Society Conference on},
year = {2012},
pages = {38--43}
}


@article{kryjak_13_pbas,
author = {T. Kryjak and M. Komorkiewicz and M. Gorgoń},
title = {Hardware implementation of the PBAS foreground detection method in FPGA},
journal = {Proceedings of the 20th International ConferenceMixed Design of Integrated Circuits and Systems (MIXDES)},
year = {2013},
pages = {479--484}
}


@article{kryjak_14_pbas,
author = {T. Kryjak and M. Komorkiewicz and M. Gorgoń},
title = {Real-time Foreground Object Detection Combining the PBAS Background Modelling Algorithm and Feedback from Scene Analysis Module},
journal = {International Journal of Electronics and Telecommunications},
year = {2014},
pages = {61--72}, 
number = {1},
volume = {60},
}


@article{Stauffer_Grimson_99,
author = {C. Stauffer and W. Grimson},
title = {Adaptive background mixture models for real-time tracking},
year = {1999},
journal = {Computer Vision and Pattern Recognition, 1999. IEEE Computer Society Conference on.},
pages = {246--252},
volume = {2},
}

@article{Genovese_Napoli_13,
author = {M. Genovese and E. Napoli},
title = {FPGA-based architecture for real time segmentation and denoising of HD video},
journal = {Journal of Real-Time Image Processing},
year = {2013},
pages = {389--401}, 
number = {4},
volume = {8},
}

@misc{piszczek_15,
author = {K. Piszczek},
title = {Implementacja algorytmu Gaussian Mixture Models w układzie reprogramowalnym},
year = {2015},
note = {Praca inzynierska -- AGH Kraków},
}


@article{wang_14,
author = {R. Wang and F. Bunyak and G. Seetharaman and K. Palaniappan},
title = {Static and Moving Object Detection Using Flux Tensor with Split Gaussian Models},
journal = {Computer Vision and Pattern Recognition Workshops (CVPRW), 2014 IEEE Conference on},
year = {2014},
pages = {420--424}
}


@misc{janus_15,
author = {P. Janus},
title = {Implementacja algorytmu Flux Tensor with Split Gaussian Models w układzie reprogramowalnym},
year = {2015},
note = {Praca inzynierska -- AGH Kraków}
}


@article{palaniappan_11,
author = {K. Palaniappan and I. Ersoy and G. Seetharaman and S.R. Davis and P. Kumar and R.M. Rao and R. Linderman},
title = {Parallel flux tensor analysis for efficient moving object detection},
journal = {Information Fusion (FUSION), 2011 Proceedings of the 14th International Conference on},
year = {2011},
pages = {1--8}
}

@article{janus_16_flux,
author = {P. Janus and K. Piszczek and T. Kryjak},
title = {FPGA Implementation of the Flux Tensor Moving Object Detection Method},
journal = {International Conference on Computer Vision and Graphics},
year = {2016},
pages = {486--497}
}


@article{elgammal_02,
author = {A. Elgammal and R. Duraiswami and D. Harwood and L. Davis},
title = {Background and foreground modeling using nonparametric kernel density estimation for visual surveillance},
journal = {Proceedings of the IEEE},
year = {2002},
pages = {1151--1163},
number = {7},
volume = {90}
}

@article{nonaka_12,
author = {Y. Nonaka, A. Shimada, H. Nagahara, and R. Taniguchi},
title = {Evaluation report of integrated background modeling based on spatio-temporal features},
journal = {Computer Vision and Pattern Recognition Workshops (CVPRW), 2012 IEEE Computer Society Conference on},
year = {2012},
pages = {9--14},
}

@misc{komorkiewicz_14,
author = {M. Komorkiewicz and T. Kryjak},
title = {Projektowanie struktury układów FPGA, skrypt do ćwiczeń laboratoryjnych},
year = {2014},
note = {Akademia Górniczo-Hutnicza im. Stanisława Staszica w Krakowie}
}


@article{thomas_10,
author = {D. Thomas and W. Luk},
title = {FPGA--Optimised Uniform Random Number Generators Using LUTs and Shif Registers},
journal = {International Conference on Field Programmable Logic and Applications (FPL)},
year = {2010},
pages = {77--82},
}


@article{kryjak_14_hd_fpga,
author = {T. Kryjak and M. Komorkiewicz and M. Gorgoń},
title = {Real-time background generation and foreground object segmentation for high-definition colour video stream in FPGA device},
journal = {Journal of Real-Time Image Processing},
year = {2013},
pages = {61--77},
}

@article{harris_88,
author = {C. Harris and M. Stephens},
title = {A combined corner and edge detector},
journal = {Proceedings of Fourth Alvey Vision Conference},
year = {1988},
pages = {147--151},
}

@misc{xilinx_v7,
author = {Xilinx Inc.},
title = {Virtex-7 FPGA Configurable Logic Block - User Guide},
year = {2016}
}

@misc{xilinx_7series_overview,
author = {Xilinx Inc.},
title = {7 Series FPGAs Data Sheet: Overview},
year = {2017}
}

@misc{kotarba_15,
author = {D. Kotarba},
title = {Wbudowany system wizyjny do detekcji sylwetek ludzkich z wykorzystaniem podejścia HOG i SVM},
year = {2015},
note = {Praca inzynierska -- AGH Kraków},
}

@article{kryjak_11_shadows,
author = {T. Kryjak and M. Komorkiewicz and M. Gorgoń},
title = {Implementacja algorytmu generacji tła wraz z modułem segmentacji obiektów ruchomych i eliminacji cieni w układach FPGA serii Spartan 6 — Implementation of a background generation algorithm with moving object detection and shadow suppressing in Spartan 6 series FPGA devices},
journal = {Automatyka : półrocznik Akademii Górniczo-Hutniczej im. Stanisława Staszica w Krakowie},
year = {2011},
pages = {197--217},
}

@article{butler_03,
author = {D. Butler and S. Sridharan and VMJr. Bove},
title = {Real-time Adaptive Background Segmentation. Acoustics, Speech, and Signal Processing},
journal = {2003 IEEE Int. Conf.},
year = {2003},
pages = {49--52},
}

@article{qin_10,
author = {R. Qin and S. Liao and Z. Lei and S.Z Li},
title = {Moving Cast Shadow Removal ased on Local Descriptors},
journal = {International Conference on Pater REcognition (ICPR)},
year = {2010},
pages = {1377--1380},
}

@article{hoffman_16_rbgd,
author = {J. Hoffman and S. Gupta and J. Leong and T. Darrell},
title = {Cross-modal adaptation for RGB-D detection},
journal = {2016 IEEE International Conference on Robotics and Automation (ICRA)},
year = {2016},
}

@article{KaewTraKulPong_01,
author = {P. KaewTraKulPong and R. Bowden},
title = {An improved adaptive background mixture model for realtime tracking with shadow detection},
journal = {EuropeanWorkshop on Advanced Video Based Surveillance Systems},
year = {2001}
}